<record><leader>00000cas a2200000 a 4500</leader><controlfield tag="001">21464921</controlfield><controlfield tag="008">900501c19849999iluwr ne      0    0eng c</controlfield><datafield ind1=" " ind2=" " tag="010"><subfield code="a">sn 90054484 </subfield></datafield><datafield ind1=" " ind2=" " tag="040"><subfield code="a">NVF</subfield><subfield code="b">eng</subfield><subfield code="c">NVF</subfield><subfield code="d">NVF</subfield><subfield code="d">OCLCQ</subfield><subfield code="d">OCLCF</subfield><subfield code="d">OCLCO</subfield></datafield><datafield ind1="1" ind2=" " tag="029"><subfield code="a">AU@</subfield><subfield code="b">000020612717</subfield></datafield><datafield ind1=" " ind2=" " tag="042"><subfield code="a">pcc</subfield></datafield><datafield ind1=" " ind2=" " tag="043"><subfield code="a">n-us-il</subfield></datafield><datafield ind1="0" ind2=" " tag="130"><subfield code="a">LeRoy journal (Le Roy, Ill. : 1984)</subfield></datafield><datafield ind1="1" ind2="4" tag="245"><subfield code="a">The LeRoy journal.</subfield></datafield><datafield ind1="3" ind2=" " tag="246"><subfield code="a">Le Roy journal</subfield></datafield><datafield ind1=" " ind2=" " tag="260"><subfield code="a">LeRoy, McLean County, Ill. :</subfield><subfield code="b">Virginia A. Russell,</subfield><subfield code="c">1984-</subfield></datafield><datafield ind1=" " ind2=" " tag="300"><subfield code="a">v.</subfield></datafield><datafield ind1=" " ind2=" " tag="310"><subfield code="a">Weekly</subfield></datafield><datafield ind1="0" ind2=" " tag="362"><subfield code="a">97th year, 17th issue (Apr. 26, 1984)-</subfield></datafield><datafield ind1=" " ind2=" " tag="580"><subfield code="a">Other weekly eds.: Farmer City journal (Farmer City, Ill. : 1984), 1984-2002, and: Journal (Farmer City, Ill.), 2002-</subfield></datafield><datafield ind1=" " ind2="0" tag="651"><subfield code="a">Le Roy (Ill.)</subfield><subfield code="v">Newspapers.</subfield></datafield><datafield ind1=" " ind2="0" tag="651"><subfield code="a">McLean County (Ill.)</subfield><subfield code="v">Newspapers.</subfield></datafield><datafield ind1=" " ind2="7" tag="655"><subfield code="a">Newspapers.</subfield><subfield code="2">fast</subfield><subfield code="0">(OCoLC)fst01423814</subfield></datafield><datafield ind1=" " ind2="7" tag="651"><subfield code="a">Illinois</subfield><subfield code="z">Le Roy.</subfield><subfield code="2">fast</subfield><subfield code="0">(OCoLC)fst01232879</subfield></datafield><datafield ind1=" " ind2="7" tag="651"><subfield code="a">Illinois</subfield><subfield code="z">McLean County.</subfield><subfield code="2">fast</subfield><subfield code="0">(OCoLC)fst01208904</subfield></datafield><datafield ind1=" " ind2=" " tag="752"><subfield code="a">United States</subfield><subfield code="b">Illinois</subfield><subfield code="c">McLean</subfield><subfield code="d">Le Roy.</subfield></datafield><datafield ind1="1" ind2=" " tag="775"><subfield code="t">Farmer City journal (Farmer City, Ill. : 1984)</subfield><subfield code="w">(DLC)sn 90054545</subfield><subfield code="w">(OCoLC)21730703</subfield></datafield><datafield ind1="1" ind2=" " tag="775"><subfield code="t">Journal (Farmer City, Ill.)</subfield><subfield code="w">(DLC)sn2002061155</subfield><subfield code="w">(OCoLC)51795115</subfield></datafield><datafield ind1="0" ind2="0" tag="780"><subfield code="t">Roy journal free press and news</subfield><subfield code="w">(DLC)sn 90054479</subfield><subfield code="w">(OCoLC)21464823</subfield></datafield></record>